<?xml version="1.0" encoding="UTF-8"?><collection xmlns="http://www.loc.gov/MARC21/slim"><record><leader>00586nam--2200193-i-4500</leader><controlfield tag="001">000001321</controlfield><controlfield tag="002">20161230</controlfield><controlfield tag="005">20161230201024</controlfield><controlfield tag="008">060222s1000------------r-----000-0-eng-d</controlfield><datafield ind1=" " ind2=" " tag="020"><subfield code="a">3540508279</subfield></datafield><datafield ind1=" " ind2=" " tag="040"><subfield code="a">IFIN-HH</subfield></datafield><datafield ind1=" " ind2=" " tag="080"><subfield code="a">621.375.826</subfield></datafield><datafield ind1="1" ind2=" " tag="100"><subfield code="a">Douglas, Nigel G</subfield></datafield><datafield ind1="1" ind2="0" tag="245"><subfield code="a">Millimetre and submillimetre wavelength lasers</subfield><subfield code="b">A handbook of cw measurements.with 15 figures</subfield><subfield code="c">Nigel g. douglas</subfield></datafield><datafield ind1=" " ind2=" " tag="260"><subfield code="a">HONG KONG</subfield><subfield code="b">Springer-verlag</subfield><subfield code="c">1989</subfield></datafield><datafield ind1=" " ind2=" " tag="300"><subfield code="a">278 P</subfield></datafield><datafield ind1=" " ind2=" " tag="490"><subfield code="a">Springer Series In Optical Sciences</subfield><subfield code="v">Vol. 61</subfield></datafield><datafield ind1=" " ind2=" " tag="852"><subfield code="a">44207</subfield><subfield code="c">535</subfield></datafield><datafield ind1=" " ind2=" " tag="CAT"><subfield code="a">Sys</subfield><subfield code="c">20101117</subfield><subfield code="h">154201</subfield></datafield></record></collection>